@MISC{korsmeyer,
  title = {Crew-Centered Operations: What HAL 9000 Should Have Been},
  author = {David J. Korsmeyer and Daniel J. Clancy and James M. Crawford and Mark E. Drummond},
  howpublished = {American Institute of Aeronautics and Astronautics},
  note = {\url{http://ti.arc.nasa.gov/m/pub-archive/923h/0923\%20\%28Korsmeyer\%29.pdf}}
}
